<?xml version="1.0" encoding="UTF-8"?><collection><record><leader>08390ntm a2200625 a 4500</leader><controlfield tag="001">005989212</controlfield><controlfield tag="003">MiAaHDL</controlfield><controlfield tag="005">20190719000000.0</controlfield><controlfield tag="006">m        d        </controlfield><controlfield tag="007">cr bn ---auaua</controlfield><controlfield tag="008">090407q16801701ua            00| ||ara d</controlfield><datafield tag="035" ind1=" " ind2=" "><subfield code="a">(MiU)005989212</subfield></datafield><datafield tag="035" ind1=" " ind2=" "><subfield code="a">sdr-miu005989212</subfield></datafield><datafield tag="040" ind1=" " ind2=" "><subfield code="a">MiU</subfield><subfield code="c">MiU</subfield><subfield code="e">amremm</subfield></datafield><datafield tag="043" ind1=" " ind2=" "><subfield code="a">n-us-mi</subfield></datafield><datafield tag="100" ind1="1" ind2=" "><subfield code="6">880-01</subfield><subfield code="a">Fāsī, Muḥammad al-Mahdī ibn Aḥmad,</subfield><subfield code="d">-1698.</subfield></datafield><datafield tag="240" ind1="1" ind2="0"><subfield code="6">880-02</subfield><subfield code="a">Maṭāliʻ al-masarrāt bi-jalāʼ Dalāʼil al-khayrāt</subfield></datafield><datafield tag="245" ind1="1" ind2="0"><subfield code="6">880-03</subfield><subfield code="a">Kitāb Maṭāliʻ al-masarrāt bi-jalāʼ Dalāʼil al-khayrāt,</subfield><subfield code="f">[late 17th or early 18th century?].</subfield></datafield><datafield tag="246" ind1="3" ind2=" "><subfield code="i">Edge title (tail):</subfield><subfield code="a">شرح دلائل الخيرات</subfield></datafield><datafield tag="260" ind1=" " ind2=" "><subfield code="a">[Egypt?,</subfield><subfield code="c">1680-1701?]</subfield></datafield><datafield tag="300" ind1=" " ind2=" "><subfield code="a">322 leaves :</subfield><subfield code="b">paper ;</subfield><subfield code="c">230 x 165 (180 x 100) mm. bound to 230 x 170 mm.</subfield></datafield><datafield tag="500" ind1=" " ind2=" "><subfield code="a">Shelfmark: Ann Arbor, University of Michigan, Special Collections Library, Isl. Ms. 49</subfield></datafield><datafield tag="500" ind1=" " ind2=" "><subfield code="a">Origin: Neither place nor date of composition or copying is specified in colophon. Paper, hand, decoration, etc. suggest late 17th or early 18th century. Ownership statement suggests a terminus ante quem of 1701 (or possibly 1691).</subfield></datafield><datafield tag="500" ind1=" " ind2=" "><subfield code="a">Former shelfmark: British Museum, London "No. 20. Commentary on Dalail al-khairat."</subfield></datafield><datafield tag="500" ind1=" " ind2=" "><subfield code="a">Binding: Pasteboards covered in light brown goatskin ; Type II binding (with flap) ; board linings and interior of envelope flap in a pale orange (salmon) laid paper ; lining of fore edge flap in green silk ; upper and lower covers carry blind-stamped central mandorla (filled with vegetal composition, compare Déroche class. NSd7) with annular stamp accents and tooled border of blind rules and a series of roundels ; design continues on envelope flap ; sewn in blue thread, two stations ; worked chevron endbands in white and blue, good condition ; state of preservation is fair to good with some separation of pages (assessment provided by J. Miller).</subfield></datafield><datafield tag="500" ind1=" " ind2=" "><subfield code="a">Support: European laid paper with 12 laid lines per cm. (vertical), chain lines (horizontal) spaced 22-24 mm. apart, and watermarks of grapes (raisin, with stem, parallel to chains, see p.2, 24, 230, 632, 634, etc.) and crown above small cartouche with "M A" flanking four-petaled flour or cross (perpendicular to chains, see p.2, 30, 32, 152, 154, 641, etc. and compare Heawood 2308 dated 1704, without crown but paired with grapes), sturdy, cream in color, well-burnished to glossy ; back flyleaf of laid European paper, chain lines running vertically, with watermark of horn in shield (without crown above).</subfield></datafield><datafield tag="500" ind1=" " ind2=" "><subfield code="a">Decoration: Illuminated headpiece (ʻunwān / sarlawḥ) on fol.1b with red, blue, and black vegetal designs; bears cartouche carrying title and prayer; gold border on incipit page and facing page (pp.2-3); red rule-borders through remainder of text; text rubricated with matn in red ink, sharḥ in black ink; diagrams showing orientation of tombs of the Prophet, Abū Bakr, and ʻUmar (pp.231-233).</subfield></datafield><datafield tag="500" ind1=" " ind2=" "><subfield code="a">Script: Naskh ; angular Egyptian hand in a medium line ; virtually serifless with curvilinear though somewhat flattened descenders, pointing mainly in distinct dots, alif maqṣūrah pointed as yāʼ, slight effect of inclination toward the left ; title in cartouche on fol.1a in nastaʻlīq.</subfield></datafield><datafield tag="500" ind1=" " ind2=" "><subfield code="a">Layout: Written in 25 lines per page; frame-ruled (impression of ruling-board evident).</subfield></datafield><datafield tag="500" ind1=" " ind2=" "><subfield code="a">Collation: i, 31 V (310), VI (322), i ; chiefly quinions ; catchwords present ; pagination in pencil, Western numerals.</subfield></datafield><datafield tag="500" ind1=" " ind2=" "><subfield code="a">Colophon: "Authorial," rectangular then triangular, reads: "هذا اخر ما قصدت وتمام الوعد الذي وعدت ولا ايمن ان اكون اسقطت او حرفت شيا من متن الكتاب سهوا و رحم الله امرا راي خللا ... فان الخطا والخطل غير مستغرب من الانسان المطبوع على عدم الاحسان ... الحمد لله الذي هدانا لهذا وما كنا نهتدي لو لا ان هدانا الله والحمدلله وحده وصلى الله على من لا نبيه بعده سيدنا محمد خاتم النبيين والمرسلين سبحانه ربك رب العزة عما ...والحمدلله رب العالمين ناشدتك الله ان عليك عاينت لي خطا فاستر فان خيار [كذا] الناس من سترا "</subfield></datafield><datafield tag="500" ind1=" " ind2=" "><subfield code="a">Explicit: "وعلى اله وصحبه وسلم تسليما وهذا اخر الكتاب في النسخة السهلية على ما عند جدي للامام ابي العباس احمد ابن يوسف الفاسي رحمهما الله وغيره عنها كما في غيرها زيادة والحمد لله رب العالمين وزاد في بعض النسخ بعد هذا ... و كتب ايضا الشيخ رضي الله تعالى عنه على ظهر نسخة اخرى هذين البيتين ... وفي رواية معظم هذا اخر ما قضدت ... "</subfield></datafield><datafield tag="500" ind1=" " ind2=" "><subfield code="a">Incipit: "يقول العبد الفقير الى الله سبحانه ... محمد المهدي بن احمد بن علي بن يوسف الفاسي ... الحمد لله الذي اختص رسوله محمدا صلى الله عليه وسلم بخالص حبه"</subfield></datafield><datafield tag="500" ind1=" " ind2=" "><subfield code="a">Title from 'title page' (p.1).</subfield></datafield><datafield tag="500" ind1=" " ind2=" "><subfield code="a">Ms. codex.</subfield></datafield><datafield tag="510" ind1="4" ind2=" "><subfield code="a">Heawood, Edward. Watermarks mainly of the 17th and 18th centuries. Monumenta Chartae Papyraceae, vol. I. Hilversum: The Paper Publications Society, 1950.</subfield></datafield><datafield tag="520" ind1="8" ind2=" "><subfield code="a">Commentary by Muḥammad al-Mahdī ibn Aḥmad al-Fāsī on al-Jazūlī's celebrated collection of prayers for the Prophet, Dalāʼil al-khayrāt.</subfield></datafield><datafield tag="538" ind1=" " ind2=" "><subfield code="a">Mode of access: Internet.</subfield></datafield><datafield tag="541" ind1=" " ind2=" "><subfield code="c">Purchase ;</subfield><subfield code="a">Acquired by purchase along with Abdul Hamid Collection (funds donated by Horace Rackham).</subfield><subfield code="d">1924.</subfield></datafield><datafield tag="546" ind1=" " ind2=" "><subfield code="a">Arabic.</subfield></datafield><datafield tag="561" ind1=" " ind2=" "><subfield code="a">Bookplate of British Museum, London on inner front cover, "No. 20. Commentary on Dalail al-khairat." ; circular seal impression with figure of goat/gazelle in purple ink as well as inscription "115" in Western numerals on recto of front flyleaf ; ownership statement on recto of front flyleaf along with several ownership statements on 'title page' (p.1), including that in name of Maḥmūd ibn Aḥmad ibn Muḥammad al-Yanaywī (محمود بن احمد بن محمد الينيوي), teacher in al-Dāwudīyah in Mecca, likely dated 1112 [1700 or 1] (or possibly 1102 [1690 or 91]) with statement indicating the book was purchased in Egypt ("مشترى بمصر") and that of al-Sayyid al-Ḥājj ʻAbd Allāh (السيد الحاج عبد الله المفتي بارزنجان), muftī in Erzincan, dated 1146 [1733 or 34] ; waqf statement on p.1 also in name of the aforementioned al-Sayyid al-Ḥājj ʻAbd Allāh, reads: "فاسي وقف السيد الحاج عبد الله المفتي بكتبخانه المعمورة بارزنجان سنة 1191"; numerous transcription marks and marginal corrections (see p.15, 262, etc. even referencing a transcript in the hand of the author) as well as notabilia / side-heads (see p.21, 23, etc.).</subfield></datafield><datafield tag="600" ind1="0" ind2="0"><subfield code="a">Muḥammad,</subfield><subfield code="c">Prophet,</subfield><subfield code="d">-632</subfield><subfield code="v">Early works to 1800.</subfield></datafield><datafield tag="600" ind1="1" ind2="0"><subfield code="a">Jazūlī, Muḥammad ibn Sulaymān,</subfield><subfield code="d">-1465.</subfield><subfield code="t">Dalāʼil al-khayrāt wa-shawāriq al-anwār fī dhikr al-ṣalāh ʻalá al-Nabī al-mukhtār.</subfield></datafield><datafield tag="650" ind1=" " ind2="0"><subfield code="a">Manuscripts, Arabic</subfield><subfield code="z">Michigan</subfield><subfield code="z">Ann Arbor.</subfield></datafield><datafield tag="650" ind1=" " ind2="0"><subfield code="a">Sufism</subfield><subfield code="v">Prayers and devotions</subfield><subfield code="v">Early works to 1800.</subfield></datafield><datafield tag="650" ind1=" " ind2="0"><subfield code="a">Islam</subfield><subfield code="v">Prayers and devotions</subfield><subfield code="v">Early works to 1800.</subfield></datafield><datafield tag="655" ind1=" " ind2="7"><subfield code="a">Headpieces (layout features)</subfield><subfield code="y">17th century.</subfield><subfield code="2">aat</subfield></datafield><datafield tag="700" ind1="0" ind2=" "><subfield code="6">880-07</subfield><subfield code="a">Sayyid al-Ḥājj ʻAbd Allāh al-Muftī,</subfield><subfield code="d">flourished 1733,</subfield><subfield code="e">former owner.</subfield></datafield><datafield tag="700" ind1="0" ind2=" "><subfield code="6">880-06</subfield><subfield code="a">Maḥmūd ibn Aḥmad ibn Muḥammad al-Yanaywī,</subfield><subfield code="d">flourished 1700?,</subfield><subfield code="e">former owner.</subfield></datafield><datafield tag="773" ind1="0" ind2=" "><subfield code="a">Tiflis Collection.</subfield></datafield><datafield tag="880" ind1="0" ind2=" "><subfield code="6">700-07/</subfield><subfield code="a">سيد الحاج عبد الله المفتي,</subfield><subfield code="e">مالك سابق.</subfield></datafield><datafield tag="880" ind1="0" ind2=" "><subfield code="6">700-06/</subfield><subfield code="a">محمود بن احمد بن محمد الينيوي,</subfield><subfield code="e">مالك سابق.</subfield></datafield><datafield tag="880" ind1="1" ind2="0"><subfield code="6">245-03/</subfield><subfield code="a">كتاب مطالع المسرات بجلاء دلائل الخيرات,</subfield><subfield code="f">[اواخر القرن 17م او اوائل القرن 18م؟].</subfield></datafield><datafield tag="880" ind1="1" ind2="0"><subfield code="6">240-02/</subfield><subfield code="a">مطالع المسرات بجلاء دلائل الخيرات</subfield></datafield><datafield tag="880" ind1="1" ind2=" "><subfield code="6">100-01/</subfield><subfield code="a">فاسي، محمد المهدي بن أحمد.</subfield></datafield><datafield tag="CID" ind1=" " ind2=" "><subfield code="a">005989212</subfield></datafield><datafield tag="DAT" ind1="0" ind2=" "><subfield code="a">20190719102634.0</subfield><subfield code="b">20190719000000.0</subfield></datafield><datafield tag="DAT" ind1="1" ind2=" "><subfield code="a">20190719090653.0</subfield><subfield code="b">2019-07-19T16:11:10Z</subfield></datafield><datafield tag="DAT" ind1="2" ind2=" "><subfield code="a">2015-10-10T18:00:06Z</subfield></datafield><datafield tag="CAT" ind1=" " ind2=" "><subfield code="a">SDR-MIU</subfield><subfield code="d">EX LIBRIS - ALEPH</subfield><subfield code="l">prepare.pl-004-008</subfield></datafield><datafield tag="FMT" ind1=" " ind2=" "><subfield code="a">BK</subfield></datafield><datafield tag="HOL" ind1=" " ind2=" "><subfield code="0">sdr-miu005989212</subfield><subfield code="a">MiU</subfield><subfield code="b">SDR</subfield><subfield code="c">MIU</subfield><subfield code="p">mdp.39015079105584</subfield><subfield code="s">MIU</subfield><subfield code="1">005989212</subfield></datafield><datafield tag="974" ind1=" " ind2=" "><subfield code="b">MIU</subfield><subfield code="c">MIU</subfield><subfield code="d">20190719</subfield><subfield code="s">lit-dlps-dc</subfield><subfield code="u">mdp.39015079105584</subfield><subfield code="y">1701</subfield><subfield code="r">pd</subfield><subfield code="q">bib</subfield><subfield code="t">non-US bib date2 &lt; 1879</subfield></datafield></record></collection>